@misc{notes,
  author        = {Mikolajczyk, Krystian},
  title         = {Machine Learning For Computer Vision Notes},
  month         = {February/March},
  year          = {2017},
  publisher		= {Imperial College London, Electrical and Electronic Engineering Department}
}

@misc{kmeans,
  author={VLFeat Team},
  title={VLFeat - Documentation > MATLAB API > KMEANS - vl\_kmeans},
  year=2013,
  type={Web Page},
  url={http://www.vlfeat.org/matlab/vl_kmeans.html},
  note={[Online; accessed March 14, 2017]},
}

@misc{instructions,
  author        = {Mikolajczyk, Krystian},
  title         = {MLCV Coursework on Image Matching},
  year          = {2017},
  publisher		= {Imperial College London, Electrical and Electronic Engineering Department}
}

@misc{mit,
  author        = {Duraiswami, Ramani},
  title         = {Epipolar Geometry and the Fundamental Matrix},
  year          = {2017},
  publisher		= {University of Maryland Institute for Advanced Computer Studies},
  type={Web Page},
  url={http://www.umiacs.umd.edu/~ramani/cmsc828d/lecture27.pdf},
  note={[Online; accessed April 29, 2017]},
}

@misc{ransac,
  author        = {Torralba, Antonio},
  title         = {Homographies and RANSAC},
  year          = {2012},
  publisher		= {Massachusetts Institute of Technology Computer Vision},
  type={Web Page},
  url={http://6.869.csail.mit.edu/fa12/lectures/lecture13ransac/lecture13ransac.pdf},
  note={[Online; accessed April 26, 2017]},
}

@misc{harrisdetector,
  author={Lazebnik, Svetlana},
  title={Harris corner detector},
  year=2016,
  type={Web Page},
  url={http://web.engr.illinois.edu/~slazebni/spring16/harris.m},
  note={[Online; accessed April 13, 2017]},
}

@misc{tsukuba,
  author={Scharstein, Daniel and Ugbabe, Padma and Szeliski, Rick},
  title={Tsukuba Image Set},
  year=2002,
  type={Web Page},
  url={http://vision.middlebury.edu/stereo/data/scenes2001/data/tsukuba/},
  note={[Online; accessed April 29, 2017]},
}

@misc{boat,
  title={Affine Covariant Features - Boat},
  year=2016,
  type={Web Page},
  url={http://www.robots.ox.ac.uk/~vgg/research/affine/},
  note={[Online; accessed April 20, 2017]},
}
